@book{ESL,
  AUTHOR = {Hastie, Trevor and Tibshirani, Robert and Friedman, Jerome},
  TITLE = {The elements of statistical learning (2nd ed.)},
  YEAR = {2009},
  PAGES = {520-528},
  PUBLISHER = {New York: Springer-Verlag},
  isbn={0-387-84857-6},
  chapter={14.3.12 Hierarchical clustering}
},
@article{iris,
  AUTHOR = {TODO},
  TITLE = {TODO},
  YEAR = {},
  PAGES = {},
  PUBLISHER = {},
  isbn={},
  chapter={}
},
@misc{GSoC2012,
  AUTHOR = {Google},
  TITLE = {Google Summer of Code 2012},
  YEAR = {2012},
  URL={http://www.google-melange.com/gsoc/homepage/google/gsoc2012}
}
